<record><leader>00000cas a22000007a 4500</leader><controlfield tag="001">15650403</controlfield><controlfield tag="008">870508d19721974inuwr ne      0    0eng d</controlfield><datafield ind1=" " ind2=" " tag="010"><subfield code="a">sn 87056044 </subfield></datafield><datafield ind1=" " ind2=" " tag="040"><subfield code="a">NPI</subfield><subfield code="b">eng</subfield><subfield code="c">NPI</subfield><subfield code="d">OCLCQ</subfield><subfield code="d">IUL</subfield><subfield code="d">OCLCF</subfield></datafield><datafield ind1=" " ind2=" " tag="042"><subfield code="a">msc</subfield></datafield><datafield ind1=" " ind2=" " tag="043"><subfield code="a">n-us-in</subfield></datafield><datafield ind1="0" ind2=" " tag="130"><subfield code="a">Independent (Middlebury, Ind.)</subfield></datafield><datafield ind1="1" ind2="4" tag="245"><subfield code="a">The independent.</subfield></datafield><datafield ind1=" " ind2=" " tag="260"><subfield code="a">Middlebury, Ind. :</subfield><subfield code="b">Rosalie Corson,</subfield><subfield code="c">1972-1974.</subfield></datafield><datafield ind1=" " ind2=" " tag="300"><subfield code="a">3 v.</subfield></datafield><datafield ind1=" " ind2=" " tag="310"><subfield code="a">Weekly</subfield></datafield><datafield ind1="0" ind2=" " tag="362"><subfield code="a">84th year, no. 44 (Dec. 28, 1972)-86th year, no. 1 (Mar. 8, 1974).</subfield></datafield><datafield ind1=" " ind2="0" tag="651"><subfield code="a">Middlebury (Ind.)</subfield><subfield code="v">Newspapers.</subfield></datafield><datafield ind1=" " ind2="0" tag="651"><subfield code="a">Elkhart County (Ind.)</subfield><subfield code="v">Newspapers.</subfield></datafield><datafield ind1=" " ind2="7" tag="651"><subfield code="a">Indiana</subfield><subfield code="z">Elkhart County.</subfield><subfield code="2">fast</subfield><subfield code="0">(OCoLC)fst01205779</subfield></datafield><datafield ind1=" " ind2="7" tag="651"><subfield code="a">Indiana</subfield><subfield code="z">Middlebury.</subfield><subfield code="2">fast</subfield><subfield code="0">(OCoLC)fst01278591</subfield></datafield><datafield ind1=" " ind2="7" tag="655"><subfield code="a">Newspapers.</subfield><subfield code="2">fast</subfield><subfield code="0">(OCoLC)fst01423814</subfield></datafield><datafield ind1=" " ind2=" " tag="752"><subfield code="a">United States</subfield><subfield code="b">Indiana</subfield><subfield code="c">Elkhart</subfield><subfield code="d">Middlebury.</subfield></datafield><datafield ind1="0" ind2="0" tag="780"><subfield code="t">Middlebury independent (Middlebury, Ind. : 1887)</subfield><subfield code="w">(DLC)sn 87056043</subfield><subfield code="w">(OCoLC)15650817</subfield></datafield><datafield ind1="0" ind2="0" tag="785"><subfield code="t">Middlebury independent (Middlebury, Ind. : 1974)</subfield><subfield code="w">(DLC)sn 87056045</subfield><subfield code="w">(OCoLC)15650778</subfield></datafield></record>